@misc{logica,
   author = "Wikipédia",
   title = "Lógica matemática --- Wikipédia{,} a enciclopédia livre",
   year = "2020",
   url = "https://pt.wikipedia.org/wiki/Lógica_matemática",
   note = "[Online; accessed 4-Abril-2021]"
}

@misc{conjuntos,
   author = "Wikipédia",
   title = "Teoria dos conjuntos --- Wikipédia{,} a enciclopédia livre",
   year = "2020",
   url = "https://pt.wikipedia.org/wiki/Teoria_dos_conjuntos",
   note = "[Online; accessed 4-Abril-2021]"
}

@misc{funcoes,
   author = "Wikipédia",
   title = "Função (matemática) --- Wikipédia{,} a enciclopédia livre",
   year = "2020",
   url = "https://pt.wikipedia.org/wiki/Função_(matemática)",
   note = "[Online; accessed 5-Abril-2021]"
}

@misc{algebra,
   author = "Wikipédia",
   title = "Álgebra --- Wikipédia{,} a enciclopédia livre",
   year = "2021",
   url = "https://pt.wikipedia.org/wiki/Álgebra",
   note = "[Online; accessed 5-Abril-2021]"
}

@misc{geometria,
   author = "Wikipédia",
   title = "Geometria --- Wikipédia{,} a enciclopédia livre",
   year = "2021",
   url = "https://pt.wikipedia.org/wiki/Geometria",
   note = "[Online; accessed 5-Abril-2021]"
}

@misc{probabilidade,
   author = "Wikipédia",
   title = "Teoria das probabilidades --- Wikipédia{,} a enciclopédia livre",
   year = "2020",
   url = "https://pt.wikipedia.org/wiki/Teoria_das_probabilidades",
   note = "[Online; accessed 5-Abril-2021]"
}

@misc{combinatoria,
   author = "Wikipédia",
   title = "Combinatória --- Wikipédia{,} a enciclopédia livre",
   year = "2020",
   url = "https://pt.wikipedia.org/wiki/Combinatória",
   note = "[Online; accessed 5-Abril-2021]"
}